@article{smith2023,
    author = "Jane Smith",
    title = "Une Ã©tude sur quelque chose",
    journal = "Journal of Something",
    year = "2023",
    volume = "29",
    number = "1",
    pages = "10-20",
}

@book{johnson2024,
    author = "John Johnson",
    title = "Tout sur rien",
    publisher = "Editeur XYZ",
    year = "2024",
}

@misc{doe2025,
    author = "Jane Doe",
    title = "Comment faire des liens dans LaTeX",
    year = "2025",
    howpublished = "Online",
    note = "Disponible sur Overleaf"
}
